<?xml version="1.0" encoding="UTF-8"?><record xmlns="http://www.loc.gov/MARC21/slim" xmlns:cinclude="http://apache.org/cocoon/include/1.0" xmlns:zs="http://www.loc.gov/zing/srw/">
  <leader>00456nz  a2200133n  4500</leader>
  <controlfield tag="001">n 2009004437</controlfield>
  <controlfield tag="003">DLC</controlfield>
  <controlfield tag="005">20090124082046.0</controlfield>
  <controlfield tag="008">090123n| acannaabn          |a aaa      </controlfield>
  <datafield tag="010" ind1=" " ind2=" ">
    <subfield code="a">n 2009004437</subfield>
  </datafield>
  <datafield tag="040" ind1=" " ind2=" ">
    <subfield code="a">DLC</subfield>
    <subfield code="b">eng</subfield>
    <subfield code="c">DLC</subfield>
  </datafield>
  <datafield tag="100" ind1="1" ind2=" ">
    <subfield code="a">Akhmedova, Umida</subfield>
  </datafield>
  <datafield tag="400" ind1="1" ind2=" ">
    <subfield code="a">Akhmedova, Umida Tukhtamuradovna</subfield>
  </datafield>
  <datafield tag="670" ind1=" " ind2=" ">
    <subfield code="a">Women and men from sunrise to sunset, 2007:</subfield>
    <subfield code="b">t.p. (Umida Akhmedova) cover flap (Akhmedova Umida Tukhtamuradovna was born in Parkent, Tashkent region)</subfield>
  </datafield>
</record>